<record><leader>00000cas a22000007a 4500</leader><controlfield tag="001">9291508</controlfield><controlfield tag="008">830308d18351841meudn ne      0    0eng  </controlfield><controlfield tag="009">466</controlfield><datafield ind1=" " ind2=" " tag="010"><subfield code="a">sn 83016007 </subfield></datafield><datafield ind1=" " ind2=" " tag="040"><subfield code="a">DLC</subfield><subfield code="b">eng</subfield><subfield code="c">DLC</subfield><subfield code="d">NPW</subfield><subfield code="d">NPX</subfield><subfield code="d">NPU</subfield><subfield code="d">DLC</subfield><subfield code="d">YOX</subfield><subfield code="d">NVF</subfield><subfield code="d">DLC</subfield><subfield code="d">CRL</subfield><subfield code="d">MBN</subfield><subfield code="d">OCL</subfield><subfield code="d">OCLCO</subfield><subfield code="d">OCLCF</subfield></datafield><datafield ind1="1" ind2=" " tag="029"><subfield code="a">AU@</subfield><subfield code="b">000025834276</subfield></datafield><datafield ind1=" " ind2=" " tag="042"><subfield code="a">msc</subfield></datafield><datafield ind1=" " ind2=" " tag="043"><subfield code="a">n-us-me</subfield></datafield><datafield ind1="0" ind2="0" tag="050"><subfield code="a">Newspaper 8007-X</subfield></datafield><datafield ind1="0" ind2=" " tag="130"><subfield code="a">Eastern Argus (Portland, Me. : 1835)</subfield></datafield><datafield ind1="0" ind2="0" tag="245"><subfield code="a">Eastern Argus.</subfield></datafield><datafield ind1=" " ind2=" " tag="260"><subfield code="a">Portland, Me. :</subfield><subfield code="b">I. Berry &amp; Co.,</subfield></datafield><datafield ind1=" " ind2=" " tag="300"><subfield code="a">v.</subfield></datafield><datafield ind1=" " ind2=" " tag="310"><subfield code="a">Daily (except Sun.)</subfield></datafield><datafield ind1="0" ind2=" " tag="362"><subfield code="a">Vol. 1, no. 1 (Jan. 1, 1835)-v. 7, no. 103 (May 1, 1841).</subfield></datafield><datafield ind1=" " ind2=" " tag="500"><subfield code="a">Publishers: Berry &amp; Greene, &lt;1836-1837&gt;; H.W. Greene, &lt;1838&gt;; Holden &amp; Appleton, &lt;1839&gt;-1841.</subfield></datafield><datafield ind1=" " ind2=" " tag="500"><subfield code="a">"Democratic."</subfield></datafield><datafield ind1=" " ind2=" " tag="530"><subfield code="a">Also available on microfilm from the Portland Public Library and Graphic Microfilm of New England.</subfield></datafield><datafield ind1=" " ind2=" " tag="580"><subfield code="a">Triweekly ed.: Eastern Argus (Portland, Me. : 1824).</subfield></datafield><datafield ind1=" " ind2=" " tag="580"><subfield code="a">Weekly ed.: Eastern Argus (Portland, Me. : 1803).</subfield></datafield><datafield ind1=" " ind2="0" tag="651"><subfield code="a">Portland (Me.)</subfield><subfield code="v">Newspapers.</subfield></datafield><datafield ind1=" " ind2="7" tag="655"><subfield code="a">Newspapers.</subfield><subfield code="2">fast</subfield><subfield code="0">(OCoLC)fst01423814</subfield></datafield><datafield ind1=" " ind2="7" tag="651"><subfield code="a">Maine</subfield><subfield code="z">Portland.</subfield><subfield code="2">fast</subfield><subfield code="0">(OCoLC)fst01213254</subfield></datafield><datafield ind1=" " ind2=" " tag="752"><subfield code="a">United States</subfield><subfield code="b">Maine</subfield><subfield code="c">Cumberland</subfield><subfield code="d">Portland.</subfield></datafield><datafield ind1="1" ind2=" " tag="775"><subfield code="t">Eastern Argus (Portland, Me. : 1824)</subfield><subfield code="w">(DLC)sn 83016004</subfield><subfield code="w">(OCoLC)9291031</subfield></datafield><datafield ind1="1" ind2=" " tag="775"><subfield code="t">Eastern Argus (Portland, Me. : 1803)</subfield><subfield code="w">(DLC)sn 83016009</subfield><subfield code="w">(OCoLC)2260559</subfield></datafield><datafield ind1="0" ind2="0" tag="785"><subfield code="t">Daily eastern Argus (Portland, Me. : 1841)</subfield><subfield code="w">(DLC)sn 83016018</subfield><subfield code="w">(OCoLC)9317180</subfield></datafield></record>